@article{gaussian_bounds,
  issn      = {00034851},
  url       = {http://www.jstor.org/stable/2235868},
  author    = {Robert D. Gordon},
  journal   = {The Annals of Mathematical Statistics},
  number    = {3},
  pages     = {364--366},
  publisher = {Institute of Mathematical Statistics},
  title     = {Values of Mills' Ratio of Area to Bounding Ordinate and of the Normal Probability Integral for Large Values of the Argument},
  volume    = {12},
  year      = {1941}
}
